@book{graphTenenbaum,
    author  = "TENENBAUM, A.",
    title   = "Estruturas de Dados em C",
    year    = "1997",
    publisher = "Makron Books"
}

@book{graphMarcos,
    author  = "VIANNA, M.",
    title   = "Estrutura de Dados: Conceitos e Técnicas de Implementações",
    year    = "2000",
}

@misc{website:git,
      author = "Wikipedia",
      title = "Git (http://en.wikipedia.org/wiki/Git\_(software))",
      year = "2013",
      url = "http://en.wikipedia.org/wiki/Git\_(software)"
}

@misc{website:ubuntu,
      author = "Canonical Ltd.",
      title = "Ubuntu is the OpenStack favourite (http://www.ubuntu.com/)",
      year = "2013",
      url = "http://www.ubuntu.com/"
}

@misc{website:latex,
      author = "Toni Santo-Regis.",
      title = "LaTeX - A document preparation system (http://www.latex-project.org/)",
      year = "2013",
      url = "http://www.latex-project.org/"
}

@misc{website:rails,
      author = "David Heinemeier Hansson.",
      title = "Rails - Web development that doesn't hurt (http://rubyonrails.org/)",
      year = "2013",
      url = "http://rubyonrails.org/"
}

@misc{website:ruby,
      author = "Matz.",
      title = "A PROGRAMMER'S BEST FRIEND (http://www.ruby-lang.org/)",
      year = "2001",
      url = "http://www.ruby-lang.org/"
}

@misc{website:jquery,
      author = "The jQuery Foundation.",
      title = "jQuery - write less, do more (http://jquery.com/)",
      year = "2005",
      url = "http://jquery.com/"
}

@misc{website:surveymonkey,
      author = "Surveymonkey.",
      title = "Crie seus próprios questionários online (http://pt.surveymonkey.com)",
      year = "2013",
      url = "http://pt.surveymonkey.com"
}

@misc{website:evalgo,
      author = "Rdp Benjamin Franklin.",
      title = "CREATE, PUBLISH, AND ANALYZE YOUR SURVEYS \& QUESTIONNAIRES IN A FEW MINUTES! (http://www.evalandgo.com/)",
      year = "2013",
      url = "http://www.evalandgo.com/"
}

@misc{website:googleforms,
      author = "Google Inc.",
      title = "Formulários - Faça enquetes ou escale equipes rapidamente com um simples formulário on-line (http://www.google.com/)",
      year = "2013",
      url = "http://www.google.com/"
}

@misc{website:nginx,
      author = "Nginx.",
      title = "Make your web site fast and reliable (http://pt.wikipedia.org/wiki/Nginx)",
      year = "2013",
      url = "http://pt.wikipedia.org/wiki/Nginx"
}

@misc{website:mysql,
      author = "Oracle.",
      title = "The world's most popular open source database (http://www.mysql.com/)",
      year = "2013",
      url = "http://www.mysql.com/"
}

@book{oo21days,
    author  = "SINTES, A.",
    title   = "Aprenda Programação Orientada a Objetos em 21 dias",
    year    = "2002",
    publisher = "Makron Books"
}

@book{projectPattern,
    author  = "GAMMA, E.",
    title   = "Padrões de Projeto - Soluções Reutilizáveis de Software Orientado a Objetos",
    year    = "2000",
    publisher = "Novatec Editora"
}

@book{urubatan,
    author  = "URUBATAN, R.",
    title   = "Ruby on Rails: Desenvolvimento Fácil e Rápido de Aplicações Web.",
    year    = "2009",
    publisher = "São Paulo"
}

@book{thomas,
    author  = "SAM, R. THOMAS",
    title   = "Agile Web Development with Rails",
    year    = "2008",
    publisher = "Pragmatic Bookshelf"
}

@book{tdd,
    author  = "BECK, K.",
    title   = "Test Driven Development: By Example",
    year    = "2002",
    publisher = "Addison-Wesley Professional"
}

